@online{jsMozilla,
  author = {Mozilla},
  title  = {MDN Web Docs},
  url    = {https://developer.mozilla.org/en-US/docs/Web/JavaScript}
}

@online{statsJS,
  author = {W3Techs},
  title  = {Usage statistics of client-side programming languages for websites},
  url    = {https://w3techs.com/technologies/overview/client_side_language}
}

@online{netflix,
  author = {Kristofer Baxter},
  title  = {Making Netflix.com Faster},
  url    = {https://netflixtechblog.com/making-netflix-com-faster-f95d15f2e972}
}

@online{paypal,
  author = {PayPal Tech Blog Team},
  title  = {Node.js at PayPal},
  url    = {https://medium.com/paypal-tech/node-js-at-paypal-4e2d1d08ce4f}
}

@online{linkedIn,
  author = {Octav Druta},
  title  = {Building With Node.js At LinkedIn},
  url    = {https://medium.com/building-with-x/building-with-node-js-at-linkedin-ae4ea6af12f2}
}

@online{nasa,
  author = {OpenJS Foundation},
  title  = {Node.js Helps NASA Keep Astronauts Safe and Data Accessible},
  url    = {https://web.archive.org/web/20231127154528/https://openjsf.org/wp-content/uploads/sites/84/2020/02/Case_Study-Node.js-NASA.pdf}
}

@online{bloomberg,
  author = {Daniel Ehrenberg},
  title  = {Bloomberg Invests in Node.js. Shouldnâ€™t You?},
  url    = {https://www.nearform.com/insights/bloomberg-invests-in-node-js-shouldnt-you/}
}

@online{uberNode,
  author = {OpenJS Foundation},
  title  = {How Uber Uses Node.js to Scale Their Business},
  url    = {https://web.archive.org/web/20170225065423/https://nodejs.org/static/documents/casestudies/Nodejs-at-Uber.pdf}
}